<record xmlns:xsi="http://www.w3.org/2001/XMLSchema-instance" xmlns="http://www.loc.gov/MARC21/slim" xsi:schemaLocation="http://www.loc.gov/MARC21/slim http://www.loc.gov/standards/marcxml/schema/MARC21slim.xsd">

  <leader>00626nam a2200181Ia 4500</leader>
  <datafield ind1=" " ind2=" " tag="999">
    <subfield code="c">682</subfield>
    <subfield code="d">682</subfield>
  </datafield>
  <controlfield tag="008">170419b2007    cr ||||| |||| 00| | spa d</controlfield>
  <datafield tag="020" ind2=" " ind1=" ">
    <subfield code="a">9789968911047</subfield>
  </datafield>
  <datafield ind2=" " ind1=" " tag="090">
    <subfield code="a">14.02.02 </subfield>
    <subfield code="b">1756</subfield>
  </datafield>
  <datafield tag="110" ind2=" " ind1="2">
    <subfield code="a">Consejo Nacional de la Persona Adulta Mayor</subfield>
    <subfield code="9">2658</subfield>
  </datafield>
  <datafield tag="245" ind1="1" ind2="0">
    <subfield code="a">Mitos y estereotipos en el envejecimiento y la vejez /</subfield>
    <subfield code="c">Consejo Nacional de la Persona Adulta Mayor</subfield>
  </datafield>
  <datafield ind2=" " ind1=" " tag="260">
    <subfield code="a">Costa Rica : </subfield>
    <subfield code="b">CONAPAM, </subfield>
    <subfield code="c">2007</subfield>
  </datafield>
  <datafield ind1=" " ind2=" " tag="300">
    <subfield code="a">7 páginas</subfield>
  </datafield>
  <datafield ind1=" " ind2=" " tag="490">
    <subfield code="a">Desplegables del Consejo Nacional de la Persona Adulta Mayor;</subfield>
    <subfield code="v">5</subfield>
  </datafield>
  <datafield tag="650" ind2="4" ind1="1">
    <subfield code="a">ENVEJECIMIENTO</subfield>
    <subfield code="9">2659</subfield>
  </datafield>
  <datafield ind1="1" ind2="4" tag="650">
    <subfield code="a">ANCIANOS</subfield>
    <subfield code="9">2660</subfield>
  </datafield>
  <datafield ind2="4" ind1="1" tag="650">
    <subfield code="a">GERIATRÍA</subfield>
    <subfield code="9">2661</subfield>
  </datafield>
  <datafield ind1=" " ind2=" " tag="942">
    <subfield code="2">z</subfield>
    <subfield code="c">01</subfield>
  </datafield>
</record>